2378 3938
239 888 494 972 ΗΡΩΝΟΣ
520 888 856 972 ΜΕΤΡΙΚΩΝ
880 892 922 973 Α

456 1080 704 1147 ΠΡΟΟΙΜΙΟΝ

0 1242 58 1282 01st
137 1226 183 1291 ‘H
205 1228 318 1312 πρώτη
341 1228 536 1311 γεωμετρία,
560 1226 603 1302 ὡς
627 1225 644 1290 ὁ
667 1226 806 1302 παλαιὸς
829 1223 914 1310 ήμάς
937 1228 1093 1294 διδάσκει

1 1305 186 1417 Μῐλόγος,
222 1330 298 1418 περὶ
334 1333 392 1408 τάς
424 1331 460 1396 ἐν
491 1342 530 1418 τῇ
563 1356 616 1417 γη
637 1333 808 1418 μετρήσεις
838 1329 893 1396 καλ
926 1334 1091 1418 διανομὰς

72 1445 318 1523 κατησχολείτο,
346 1438 429 1502 ὅθεν
455 1435 510 1502 καλ
537 1442 719 1524 γεωμετρία
739 1436 877 1522 ἐκλήθη·
891 1441 1090 1525 χρειάδους
1118 1465 1133 1506 5

73 1541 110 1610 δὲ
146 1555 207 1610 τοῦ
242 1547 432 1631 πράγματος
467 1555 537 1621 τοῖς
568 1544 761 1636 ἀνθρώποις
792 1545 1000 1631 ὑπάρχοντος
1033 1547 1090 1614 ἐπὶ

72 1651 174 1717 πλέον
205 1655 359 1738 προήχθη
392 1652 429 1716 τὸ
461 1651 572 1734 γένος,
609 1653 694 1717 ὥστε
724 1649 780 1716 καὶ
812 1649 865 1716 ἐπὶ
897 1654 938 1716 τά
970 1657 1090 1740 στερεά

73 1759 207 1843 σώματα
229 1767 374 1844 χωρῆσαι
398 1759 459 1840 τήν
482 1759 648 1840 διοίκησιν
671 1769 738 1823 τῶν
760 1782 796 1823 τε
818 1761 1007 1843 μετρήσεων
1030 1759 1089 1826 καὶ

72 1867 255 1950 διανομῶν·
282 1863 337 1930 καλ
365 1863 477 1947 ἐπειδὴ
505 1863 566 1929 οὐκ
594 1862 720 1950 ἐξήρκει
747 1866 787 1929 τά
814 1875 927 1950 πρῶτα
955 1864 1088 1951 ἐπινοη·

70 1970 176 2037 θέντα
211 1974 423 2058 θεωρήματα,
458 1968 733 2056 προσεδεήθησαν
769 1973 817 2034 ἐτι
849 1970 1088 2058 περισσοτέρας
1102 1998 1131 2038 ιο

72 2077 281 2162 ἐπισκέψεως,
300 2080 383 2143 ὥστε
400 2075 455 2141 καλ
469 2074 565 2162 μέχρι
579 2085 644 2141 νῦν
658 2078 733 2141 τινά
747 2076 858 2142 αὐτῶν
872 2077 1087 2165 άπορεῖσθαι,

70 2190 178 2250 καίτοι
201 2183 420 2271 Ἀρχιμήδους
451 2206 486 2247 τε
517 2182 573 2247 καὶ
601 2181 754 2261 Εὐδόξου
785 2188 947 2265 γενναίως
978 2184 1086 2269 ἐπιβε-

70 2293 241 2375 βληκότων
268 2299 307 2375 τη
332 2293 545 2375 πραγματεία.
591 2289 761 2374 ἀμήχανον
783 2292 847 2376 γάρ
871 2285 913 2372 ήν
936 2292 1002 2376 πρὸ
1027 2301 1086 2376 τῆς

70 2396 224 2476 Εὐδόξου
242 2395 389 2472 ἐπινοίας
403 2394 573 2474 ἀπόδειξιν
586 2399 802 2480 ποιήσασθαι,
822 2395 864 2461 δι’
883 2391 922 2480 ής
937 2396 955 2462 ὁ
969 2399 1082 2463 κύλιν-

71 2506 150 2589 δρος
179 2511 240 2567 τοῦ
266 2503 377 2566 κώνου
405 2510 465 2566 τοῦ
493 2503 554 2584 τήν
581 2501 685 2586 αὐτήν
712 2504 812 2587 βάσιν
835 2505 969 2587 ἔχοντος
993 2505 1083 2593 αὐτῷ
1096 2525 1125 2568 15

69 2607 125 2674 καὶ
147 2609 233 2687 ὕψος
257 2615 331 2674 ἴσον
354 2608 546 2694 τριπλάσιος
566 2607 645 2692 ἐστι,
667 2607 722 2673 καὶ
741 2609 791 2674 ότι
811 2610 843 2673 οἱ
861 2610 979 2675 κύκλοι
997 2612 1085 2697 πρὸς

70 2715 234 2798 ἀλλήλους
252 2713 338 2780 είσὶν
357 2716 401 2792 ὡς
419 2715 482 2779 άπὸ
502 2725 570 2779 τῶν
588 2715 772 2801 διαμέτρων
791 2716 981 2801 τετράγωνα
998 2718 1085 2804 πρὸς

70 2823 204 2905 άλληλα.
244 2820 299 2887 καλ
318 2821 430 2907 πρὸ[ς]
450 2831 507 2906 τῆς
521 2819 739 2907 Ἀρχιμήδους
758 2821 922 2900 συνέσεως
940 2825 1084 2889 άπιστον

69 2923 111 3010 ἦν
139 2927 326 3011 ἐπινοῆσαι,
356 2929 442 2993 διότι
469 2928 489 3010 ἡ
518 2937 574 3011 της
603 2932 745 3013 σφαίρας
769 2927 945 3013 ἐπιφάνεια
969 2954 1082 3016 τετρα-

68 3038 191 3100 πλασία
215 3033 283 3099 ἐστὶ
306 3043 366 3099 τοῦ
390 3038 546 3119 μεγίστου
564 3035 689 3100 κύκλου
708 3046 774 3101 τῶν
794 3035 830 3100 ἐν
849 3036 932 3122 αὐτῇ
956 3035 1003 3123 (π.
1022 3054 1078 3122 οφ.
1092 3059 1120 3099 ιο

140 3252 153 3298 1
174 3243 252 3298 tituli
265 3243 379 3297 litterae
392 3242 478 3297 minio
493 3243 622 3325 scriptae,
644 3244 709 3300 dein
721 3245 869 3300 inauratae
931 3251 1001 3301 3-e
1021 3264 1081 3300 am-

66 3315 192 3384 plificata
209 3315 367 3386 leguntur
359 3333 389 3367 ιιι
407 3314 525 3369 Heronis
543 3332 615 3386 pers
631 3315 790 3370 Geometria
805 3323 855 3370 106
874 3335 900 3386 p
917 3322 977 3386 138,
993 3323 1025 3372 31
1037 3335 1078 3386 aq.

65 3386 120 3440 Ηιι
175 3387 244 3441 3ef
258 3386 417 3440 Herodotus
431 3386 517 3439 11109
573 3394 606 3441 10
625 3386 867 3459 προσεδεήθησαν
886 3405 923 3442 sc.
934 3408 952 3442 α
954 3387 1082 3460 λμετρή-

67 3475 124 3522 οεις
196 3465 229 3512 14
253 3456 292 3512 δι’
318 3453 363 3524 ης;
387 3454 460 3511 διότι
476 3457 601 3530 Heiberg
673 3464 776 3513 14—15
800 3457 834 3512 ef
848 3457 1030 3515 Archimedes
1047 3478 1079 3515 ιτ.
