2378 3938
185 161 229 228 54
352 164 501 217 ΗΡΩΝΟΣ
520 160 787 223 ΑΛΕΞΑΝΔΡΕΩΣ
805 165 1035 216 ΜΕΤΡΙΚΩΝΑ

184 322 239 389 καὶ
263 327 353 390 ἔστιν
376 325 473 391 ἑκτον
500 324 599 412 μέρος
626 335 686 390 τοῦ
714 324 894 409 ἑξαγώνου·
923 323 1029 392 δοθὲν
1056 329 1110 411 άρο

184 432 221 495 τὸ
246 434 452 495 ΑΒΓΔΕΖ
482 429 660 514 ἑξάγωνον.
685 435 923 517 συντεθήσεται
948 429 985 497 δὲ
1016 433 1110 509 οὕτως

185 562 198 602 ι
225 535 275 621 ἐφ’
309 535 421 602 ἑαυτά·
449 541 576 620 γίνεται
601 563 628 624 ρ.
674 548 778 603 ταῦτα
806 537 858 623 ἐφ’
887 537 1000 604 ἑαυτά·
1027 543 1110 623 γίγυι

183 654 215 763 ά.
252 679 380 744 τούτων
402 681 439 744 τὸ
464 678 633 766 τέταρτον·
657 683 805 763 γίγνεται
829 686 895 767 βω.
932 691 1036 746 ταῦτα
1054 683 1110 746 ελκ(

183 801 239 868 καὶ
253 801 379 868 ἑπτάκι·
399 808 546 888 γίγνεται
556 786 649 889 ᾖὶζφ.
667 805 796 869 τούτων
805 801 885 890 λαβὲ
894 808 1044 893 πλευράν
1054 808 1109 890 ἔγγ

183 913 332 993 γίγνεται
346 917 422 976 σνθ.
449 912 612 976 τοσούτου
628 914 718 976 ἔσται
732 912 769 976 τὸ
785 911 931 996 ἐμβαδὸν
944 922 1005 977 τοῦ
1022 911 1110 995 ἑξαγο

250 1020 380 1101 Λῆμμα.
417 1015 497 1082 Ἐάν
532 1019 580 1094 εἰς
616 1019 740 1083 κύκλον
776 1016 968 1101 ἑπτάγωνον
1001 1021 1110 1084 λσόπλε

184 1121 348 1208 ἐγγραφῇ,
371 1123 391 1207 ἡ
415 1123 451 1188 ε’κ
474 1133 539 1191 τοῦ·
557 1123 698 1210 κὲντρου
720 1134 780 1189 τοῦ
803 1124 929 1190 κύκλου
951 1127 1035 1211 πρὸς
1057 1127 1110 1208 τὴν

184 1226 377 1312 ἑπταγώνου
399 1232 549 1315 πλευράν
568 1233 669 1314 λόγον
692 1233 768 1314 ἔχει,
793 1230 876 1314 ὃ<ν>
902 1255 922 1314 η
945 1233 1029 1317 πρὸς
1053 1236 1075 1311 ζ.

182 1337 246 1420 γάρ
269 1336 390 1412 κύκλος
413 1335 431 1401 ὁ
455 1339 522 1401 ΒΓ
540 1335 616 1423 περὶ
638 1335 777 1423 κέντρον
799 1339 836 1402 τὸ
860 1343 902 1421 A,
924 1336 980 1402 καὶ
1003 1338 1110 1423 ἐνηρμι

184 1442 231 1516 εἰς
259 1440 363 1506 αὐτὸν
391 1440 558 1525 ἑξαγώνου
584 1445 712 1529 πλευρά
738 1443 758 1527 ἡ
782 1447 856 1527 ΒΓ,
883 1443 1056 1509 τουτέστιν
1083 1451 1110 1508 λο

185 1547 221 1612 ἐκ
248 1556 308 1612 τοῦ
335 1544 484 1634 κε’νΙτρου
512 1557 571 1613 τοῦ
598 1549 736 1615 κύκλου·
764 1547 819 1613 καὶ
846 1550 992 1626 κάθετος
1015 1549 1071 1615 ἐπ’
1096 1575 1110 1614 ο

183 1653 203 1737 ἡ
232 1659 309 1718 ΑΛ.
359 1657 449 1718 ἔσται
491 1655 555 1739 άρα
586 1655 606 1738 ἡ
636 1660 705 1718 ΑΔ
737 1656 781 1731 ὡς
814 1658 949 1738 ἔγγιστα
982 1662 1036 1741 ἴση
1069 1667 1106 1741 τῇ

184 1758 376 1843 ἑπταγώνου
398 1766 534 1847 πλευρᾷ.
580 1763 830 1844 ἐπεζεύχθωσαν
858 1763 892 1826 αλ
915 1767 981 1826 BA
987 1810 996 1845 ‚
1024 1765 1102 1827 ΑΓ·

182 1872 329 1952 πλευρον
365 1868 429 1953 άρα
466 1865 535 1932 ἐστὶ
568 1869 604 1932 τὸ
637 1871 741 1932 ΑΒΓ
772 1872 946 1954 τρίγωνον.
1001 1876 1110 1955 τριπλι

178 1974 247 2059 ,άρα
275 1972 343 2039 ἐστὶ
370 1974 408 2038 τὸ
436 1974 499 2040 ἀπὸ
528 1984 585 2058 τῆς
613 1980 682 2038 ΑΔ
709 1983 769 2038 τοῦ
798 1974 862 2039 ἀπὸ
890 1985 947 2059 τῆς
975 1980 1051 2040 AB.
1100 1982 1110 2040 ι’

182 2081 247 2165 άρα
272 2090 330 2164 τῆς
352 2085 425 2144 ΑΔ
447 2082 530 2166 πρὸς
548 2085 614 2144 AB
638 2081 778 2164 δυνάμει
806 2081 850 2156 ὡς
877 2084 1011 2165 ἔγγιστα
1039 2081 1108 2163 ὃ[ν]

182 2193 232 2270 μθ
258 2188 342 2272 πρὸς
370 2207 415 2260 ις·
442 2185 497 2251 καὶ
524 2189 619 2271 μήκει
647 2188 746 2270 λόγος
769 2195 826 2268 τῆς
848 2192 919 2251 ΑΔ
941 2189 1025 2273 πρὸςι
1049 2193 1110 2253 ΑΒ

183 2295 198 2370 ζ
224 2294 307 2377 πρὸς
335 2293 364 2356 δ.
414 2289 468 2356 καὶ
496 2295 565 2357 ε”στι
592 2301 649 2375 τῆς
677 2296 744 2356 ΒΔ
772 2294 872 2376 διπλῆ
899 2292 919 2376 ἡ
943 2296 1021 2357 ΒΓ·
1049 2305 1106 2378 τῆς

182 2397 246 2482 άρα
268 2399 351 2483 πρὸς
374 2403 443 2462 ΔΑ
467 2401 566 2480 λόγος
590 2396 690 2481 ἐστὶν,
713 2398 754 2463 δν
776 2402 841 2482 ἔχει
864 2401 904 2463 τὰ
927 2424 947 2482 ιγ
971 2401 1055 2485 πρὸς
1081 2405 1103 2479 ζ.

248 2528 276 2569 κ.
302 2503 406 2570 Ἔστω
435 2503 627 2588 ἑπτάγωνον
655 2509 854 2592 ἰσόπλευρον
881 2506 917 2570 τὸ
947 2510 1110 2571 ΑΒΓΔΕ

183 2605 223 2674 οὗ
248 2609 364 2695 ἑκάστη
387 2613 515 2697 πλευρά
533 2613 690 2696 μονάδων
714 2638 734 2676 ι.
776 2613 889 2698 εὑρεῖν
911 2613 1015 2678 αὐτοῦ
1039 2615 1075 2679 τὸ
1100 2637 1110 2677 ε

182 2717 253 2780 δύν.
294 2718 444 2802 εἰλήφθω
463 2719 500 2782 τὸ
520 2716 659 2804 κε’ντρον
681 2728 741 2784 τοῦ
764 2717 840 2805 περὶ
863 2718 943 2789 αὐτὸ
967 2721 1093 2785 κύκλου

181 2819 236 2886 καὶ
256 2821 505 2908 ἐπεζεύχθωσαν
519 2826 553 2889 αλ
571 2829 651 2908 ΛΘ,
668 2829 733 2890 ΘΕ
748 2823 804 2890 καὶ
822 2827 963 2901 κάθετος
982 2824 1036 2890 ἐπὶ
1050 2829 1110 2910 τὴν

181 2927 201 3011 ἡ
229 2931 302 2992 ΘΚ.
348 2932 447 3013 λόγος
475 2933 538 3017 άρα
566 2941 623 3015 τῆς
649 2936 715 2996 ΘΔ
737 2932 821 3016 πρὸς
844 2935 925 3014 ΔΕ,
954 2931 994 2996 ὃν
1019 2958 1039 3016 η
1063 2954 1107 3015 πρ

181 3028 265 3120 πρὸς
297 3033 334 3100 δὲ
365 3038 427 3120 τὴν
453 3040 538 3121 ΔΚ,
571 3037 611 3103 ὃν
637 3063 658 3122 η
687 3039 770 3123 πρὸς
796 3046 859 3121 γλ,
887 3037 1062 3113 τουτέστιν
1087 3039 1110 3104 ὃΛ

181 3144 264 3224 πρὸς
283 3146 306 3221 ζ.
348 3145 430 3209 ὥστε
449 3153 506 3227 τῆς
531 3146 661 3225 Θ[Ε]Κ
681 3145 764 3229 πρὸς
786 3146 856 3207 KA
876 3146 974 3226 λόγος
996 3146 1041 3220 ὡς
1063 3148 1110 3228 ἔγγ

183 3248 200 3313 ὁ
228 3260 295 3314 τῶν
323 3251 357 3314 ιδ
384 3247 418 3332 γ’
441 3250 524 3335 πρὸς
551 3250 611 3314 τὸν
640 3254 670 3333 ζ,
698 3247 870 3314 τουτέστιν
897 3248 938 3313 ὃν
965 3274 1009 3332 μγ
1036 3253 1110 3336 πρὸς

254 3445 388 3534 οάιβφε
409 3476 476 3514 corr.
497 3477 531 3513 m.
552 3466 568 3512 3
651 3465 666 3513 9
687 3459 701 3512 ὁ
721 3479 752 3528 ης
773 3457 879 3512 correxi
962 3465 995 3514 17
1020 3459 1064 3514 ὃνε
1089 3476 1110 3512 οι

219 3534 251 3582 27
272 3531 320 3602 [Ε]
340 3530 393 3585 del.
412 3548 448 3587 m.
470 3537 483 3583 1
504 3533 537 3602 (λ)
