2378 3938
117 149 160 212 48
175 188 214 243 ·
285 149 436 202 ΗΡΩΝΟΣ
454 145 721 207 ΑΛΕΞΑΝΔΡΕΩΣ
739 149 929 202 ΜΕΤΡΙΚΩΝ
946 150 971 200 A
1046 153 1048 156 '

118 310 187 376 ἐστι
219 313 256 376 τὸ
289 310 352 376 ἀπὸ
381 314 452 375 ΒΓ.
504 309 671 397 ἐπίτριτον
699 313 763 397 ἄρα
789 313 881 376 ἔσται
911 311 950 376 τὸ
981 309 1043 376 ιἰιτὸ
1069 311 1118 374 ΒῙ

113 427 178 483 Ιτοῦ
207 416 270 481 ἀπὸ
303 421 381 481 ΑΔ.
432 418 469 482 τὸ
503 418 567 502 ἄρα
599 416 663 481 οάιὸ
691 419 760 480 ΒΓ
787 418 871 503 πρὸς
902 418 941 482 τὸ
974 416 1037 482 ἀπὸ
1064 423 1118 482 ΑΔ

118 527 221 607 λόγον
244 527 320 608 ἔχει,
344 523 385 590 ὃν
408 526 429 588 δ
451 524 534 609 πρὸς
557 548 588 607 γ,
611 521 666 588 καὶ
688 523 796 588 πάντα
820 521 873 588 ἐπὶ
896 525 957 589 τὸν
979 523 1043 590 ἀπὸ
1061 527 1107 589 ΒΙ

117 629 288 695 τουτέστιν
315 633 353 696 τό
380 654 416 695 τε
444 630 507 695 οάιὸ
531 633 599 694 ΒΓ
622 628 671 714 ἐφ’
704 627 801 695 ἑαυτὸ
829 627 885 695 καὶ
912 631 950 696 τὸ
979 630 1042 697 ιἰαὸ
1064 636 1118 695 ΑΔ

22 758 101 801 σιν
119 734 172 801 ἐπὶ
191 739 228 801 τὸ
250 737 313 801 ἀπὸ
337 740 408 801 ΒΓ.
450 736 470 820 ἡ
495 738 559 822 ἄρα
582 736 645 802 ἀπὸ
669 746 726 821 τῆς
744 737 832 820 BF>
854 738 1027 822 δυνάμεως
1052 737 1118 821 πρὸς

117 844 154 907 τὸ
179 842 243 907 οάιὸ
266 853 324 928 τῆς
342 847 410 908 ΒΓ
429 841 481 908 εἰιὶ
504 845 541 908 τὸ
566 843 629 908 ἀπὸ
652 853 710 928 τῆς
729 848 799 907 ΑΛ
821 847 924 927 λόγον
947 847 1029 929 ἔχει,
1051 842 1118 909 δνδ

117 951 200 1035 πρὸς
222 975 253 1034 γ,
277 950 449 1017 τουτέστιν
473 951 514 1016 ὃν
538 972 575 1024 ις
597 952 679 1037 πρὸς
703 954 750 1035 ιβ.
791 953 828 1017 τὸ
853 948 890 1016 δὲ
914 951 978 1017 ἀπὸ
997 962 1054 1036 τῆς
1071 952 1118 1015 ΒΙ

118 1054 172 1121 ἐπὶ
194 1057 232 1121 τὸ
256 1056 319 1122 ἀπὸ
344 1068 401 1143 τῆς
420 1065 490 1123 ΑΔ
513 1060 550 1123 τὸ
574 1059 639 1125 ὑπὸ
659 1063 730 1122 ΑΛ
748 1062 815 1123 ΒΓ
835 1057 926 1124 ἐστὶν
950 1058 1002 1145 ἐφ’
1028 1058 1118 1141 ἑαυτό,

119 1162 268 1229 τουτέστι
277 1164 494 1252 δύοτρίγωνα

118 1268 169 1354 ἐφ’
208 1268 314 1335 ἑαυτά.
369 1270 389 1354 ἡ
428 1272 492 1357 ἄρα
814 1256 855 1322 Α

118 1376 181 1441 ιἰαὸ
210 1380 278 1441 ΒΓ
303 1378 492 1462 δνναμοδύ-

118 1506 216 1567 ναμις
238 1483 321 1567 πρὸς
343 1484 405 1548 δύο
423 1488 492 1570 τρί-

117 1613 210 1671 γωνα
236 1586 287 1673 ἐφ’
315 1587 415 1654 ἑαντδι
438 1594 492 1656 λό-

117 1720 180 1778 γον
201 1697 278 1779 ἔχει,
297 1695 338 1761 δν
357 1718 390 1770 ις
409 1698 493 1782 πρὸς

119 1805 161 1885 ιβ’
172 1803 234 1867 δύο
245 1799 488 1888 δὲτρίγωναέιβ

119 1906 219 1973 ἑαυτδι
239 1906 312 1986 ἑνὸς
326 1911 493 1995 τριγώνου

118 2013 168 2099 ἐφ’
199 2013 296 2080 ἑαυτό
324 2014 415 2081 ἐστιν
442 2040 493 2081 τε·
540 1997 584 2056 B
821 2037 852 2106 Δ

117 2123 311 2209 τραπλασια.
364 2122 384 2206 ἡ
427 2125 491 2208 ἄρα
775 2171 826 2221 Μ
841 2173 873 2212 20,

118 2229 182 2294 οάιὸ
197 2239 254 2314 τῆς
268 2232 336 2294 ΒΓ
346 2232 491 2314 δυναμο-

118 2337 259 2420 δύναμις
288 2337 371 2422 πρὸς
399 2337 436 2401 ἓν
463 2338 628 2422 τρίγωνον
657 2336 708 2422 ἐφ’
739 2337 835 2404 ἑαυτὸ
864 2343 969 2423 λόγον
991 2342 1065 2424 ἔχει,
1085 2333 1116 2400 ὃν

118 2465 155 2517 ις
176 2444 261 2528 πρὸς
284 2467 313 2526 γ.
354 2441 409 2508 καὶ
434 2445 504 2508 ἔστι
522 2445 663 2508 δοθεῖσα
685 2444 706 2528 ἡ
730 2445 794 2510 οάιὸ
813 2450 881 2511 ΒΓ
900 2446 1118 2531 δυναμοδύνα·

117 2575 182 2633 μις,
206 2547 276 2614 ἐπεὶ
299 2548 354 2615 καὶ
376 2550 397 2633 ἡ
421 2553 492 2614 ΒΓ.
534 2546 640 2615 δοθὲν
663 2553 726 2637 ἄρα
749 2550 818 2617 ἐστὶ
841 2553 879 2617 τὸ
904 2553 1049 2637 ἐμβαδὸν
1069 2553 1118 2615 τοῦ

116 2657 284 2741 τριγώνου
306 2653 356 2739 ἐφ’
382 2653 491 2720 ἑαυτό·
515 2657 599 2722 ὥστε
617 2656 672 2721 καὶ
691 2657 771 2722 αὐτὸ
786 2659 823 2722 τὸ
843 2661 1009 2745 τρίγωνον
1028 2650 1118 2723 δοθέν

117 2762 216 2827 ἐστιν.
249 2765 487 2846 συντεθήσεται
508 2759 545 2827 δὲ
569 2762 763 2840 ἀκολούθως
781 2774 821 2850 τῇ
841 2764 1000 2831 ἀναλύσει
1019 2763 1118 2832 οὕτως1

116 2872 156 2934 τδι
186 2895 197 2934 ι
223 2868 274 2954 ἐφ’
298 2868 409 2934 ἑαυτά·
437 2873 586 2952 γίγνεται
610 2894 638 2955 ρ.
683 2880 787 2935 ταῦτα
810 2870 862 2956 ἐφ’
887 2869 999 2937 ἑαυτά·
1025 2873 1118 2954 γίγνε·

116 3036 170 3077 ται
188 2988 223 3095 β·
255 3012 384 3076 τούτων
416 3008 496 3096 λαβὲ
510 2970 551 3096 ιβ
566 3015 715 3095 γίγνεται
734 3037 849 3098 Ιαωοε.
882 3014 1011 3080 τούτων
1033 3017 1118 3077 τιιῑενΙ

117 3120 181 3205 ρδιν
204 3117 296 3202 λαβέ·
323 3117 379 3184 καὶ
402 3118 472 3184 ἐπεὶ
496 3118 557 3185 οὐκ
579 3122 646 3203 ἔχει
670 3120 773 3205 ῥητὴν
795 3123 955 3206 αλευρδιν,
979 3121 1118 3204 εἰλήφθΰ

117 3226 161 3301 ὡς
194 3225 363 3310 ἐμάθομεν
394 3229 529 3308 ἔγγιστα
558 3228 638 3309 μετὰ
666 3227 842 3311 διαφόρου.
892 3225 947 3292 καὶ
975 3230 1064 3292 ἔσται
1089 3237 1118 3284 v*

118 3331 263 3417 ἐμβαδὸν
286 3357 335 3417 μγ
357 3332 395 3415 γ’.

117 3461 330 3470 ῃ--ῳ-

1080 1983 1118 2048 Γ

181 3533 212 3578 11
224 3529 333 3596 δυναμο
343 3524 373 3580 in
382 3543 438 3596 mg.
447 3525 587 3596 supplevit
596 3544 631 3580 m.
643 3532 656 3579 1
696 3531 730 3579 20
741 3526 1008 3596 δνναμοδνναμεωςι
1024 3527 1118 3581 correi
