2378 3938
50 1022 55 1030 ὁ
143 953 228 1022 Quae
242 953 300 1012 hoc
314 952 466 1013 volumine
481 951 620 1012 coniunxi
633 952 761 1012 Heronis
772 952 968 1012 Alexandrini
982 953 1094 1029 scripta

81 1043 145 1117 dno,
170 1061 275 1102 eorum
297 1045 333 1101 ut
356 1041 487 1100 recensio
505 1041 612 1116 facilis,
634 1042 680 1100 ite
698 1041 828 1100 difficilis
847 1044 892 1100 est
911 1043 1092 1116 emendatio;

81 1151 148 1190 nem
172 1131 269 1190 omnis
292 1131 451 1206 utriusque
473 1131 617 1189 memoria
640 1130 764 1208 singulis
789 1131 938 1190 codicibus
962 1131 1093 1190 contine-

80 1224 129 1280 tur
155 1219 285 1280 vetustis
313 1219 373 1279 illis
403 1219 536 1295 quidem,
567 1219 619 1278 sed
646 1223 677 1279 et
702 1219 851 1279 mendosis
880 1222 910 1278 et
936 1220 1092 1279 lacunosis.

82 1308 164 1378 Quod
187 1328 256 1368 cum
278 1308 324 1367 ita
347 1327 409 1368 esse
432 1309 638 1385 intellegerem
656 1312 747 1384 atque
766 1309 827 1366 alia
846 1328 949 1368 eorum
968 1309 1093 1384 antiqua

81 1399 215 1474 exempla
234 1416 379 1473 umquam
397 1400 549 1472 repertum
566 1397 605 1455 iri
623 1397 820 1473 desperarem,
838 1398 871 1456 in
888 1399 944 1457 hac
963 1397 1093 1457 editione

82 1487 254 1547 adornanda
277 1486 310 1544 id
331 1487 478 1562 imprimis
501 1486 576 1545 mihi
599 1487 747 1564 agendum
770 1505 833 1545 esse
856 1487 1034 1561 sentiebam,
1059 1490 1094 1545 ut

80 1577 224 1635 librorum
250 1574 374 1634 illorum
401 1575 580 1650 scripturam
606 1595 673 1634 cum
699 1575 757 1633 fide
785 1575 1004 1652 consignarem,
1033 1595 1093 1634 non

80 1685 136 1741 quo
166 1664 355 1724 coniectandi
381 1664 547 1740 periculum
573 1682 694 1740 prorsus
721 1665 918 1723 recusandum
941 1683 1003 1723 esse
1026 1684 1093 1724 cen-

80 1772 187 1828 serem,
224 1754 276 1812 sed
312 1755 347 1812 ut
379 1754 473 1812 omnis
506 1753 682 1813 emendandi
714 1756 837 1812 conatus
870 1754 909 1811 ad
939 1756 1093 1828 praestan-

80 1843 187 1902 tissimi
206 1843 263 1902 aut
279 1842 360 1902 unici
378 1842 506 1918 exempli
524 1843 737 1903 auctoritatem
754 1845 911 1918 tamquam
928 1842 968 1901 ad
981 1845 1093 1901 certam

78 1951 214 1991 normam
236 1931 423 2008 dirigeretur.

578 2119 595 2185 Ι

142 2251 324 2310 Dimeteodc'
346 2253 482 2319 rationes,
505 2251 597 2310 trium
620 2269 695 2326 opus
718 2249 862 2310 librorum
885 2251 1011 2310 antehac
1032 2270 1093 2310 non

81 2340 192 2398 editum
217 2372 259 2380 -
283 2358 353 2397 nam
380 2340 513 2400 diversus
538 2359 744 2399 mensurarum
766 2339 842 2398 liber
865 2339 1024 2417 singularis
1047 2344 1093 2399 est

81 2447 98 2486 a
123 2429 177 2486 Fr..
200 2427 330 2488 Hultsch
358 2429 437 2487 inter
463 2429 591 2489 Heronis
621 2429 764 2504 reliquias
790 2449 820 2504 p.
846 2431 1019 2490 188-207
1047 2449 1091 2486 re-

80 2520 182 2594 ceptus
212 2549 255 2558 —
283 2518 489 2593 suppeditavit
515 2520 602 2577 codes
626 2517 962 2591 Constantinopolitanae
983 2519 1093 2591 palatii

79 2609 182 2665 oetam
200 2612 234 2665 η’)
253 2610 280 2675 1,
303 2607 386 2665 cuius
404 2607 442 2665 ab
461 2607 495 2665 ld.
509 2607 609 2666 Miller
627 2607 658 2665 in
679 2605 871 2666 Confusaneis
886 2605 1007 2666 Graecis
1025 2607 1092 2682 pV

81 2698 109 2754 et
141 2715 159 2752 a
191 2695 240 2753 Fr.
272 2695 359 2754 Blass
387 2695 515 2755 Hermae
548 2689 606 2756 vol.
629 2695 731 2754 ΧΧΙΠ
762 2715 790 2770 p.
815 2697 878 2753 222
911 2695 1092 2754 mentionem

68 2780 191 2843 'factam
228 2802 290 2842 esse
326 2784 422 2844 video.
475 2783 718 2844 Membranaoeus
755 2787 813 2859 est,
848 2784 990 2844 foliorum
1028 2788 1091 2843 112

80 2873 210 2932 altorum
224 2875 266 2932 30
281 2892 344 2949 cm,
362 2874 493 2933 latorum
508 2877 548 2932 22
564 2893 628 2948 cm,
643 2873 761 2933 saeculo
775 2873 818 2931 XI
831 2874 985 2949 perspicue
1000 2877 1091 2949 atque

81 2962 239 3020 admodum
271 2963 423 3040 eleganter
455 2963 598 3043 scriptus,
631 2962 740 3022 crebris
773 2962 877 3040 figuris
905 2962 1091 3039 geometricis

81 3043 279 3129 distinctus.¹)
334 3051 452 3110 Folium
487 3052 619 3128 primum
655 3070 722 3110 cum
754 3052 862 3126 altero,
900 3051 1092 3110 centesimum

80 3141 270 3198 undecimum
302 3159 368 3198 cum
400 3142 560 3222 centesimo
592 3141 764 3199 duodecimo
793 3135 929 3199 biniones
958 3138 1091 3197 efficiunt

81 3229 259 3307 singulares,
296 3248 423 3305 quorum
454 3232 561 3288 neuter
592 3230 721 3306 scriptus
754 3231 811 3304 est3
848 3228 1091 3287 intermediarum

149 3420 175 3488 1)
195 3416 313 3472 Saeculo
328 3416 379 3470 XII
398 3417 575 3472 attribuebat
590 3416 718 3486 Dethier3
739 3416 773 3471 cf.
788 3417 817 3470 P.
833 3414 984 3491 Hunfslrg,

81 3488 197 3545 remobe
215 3489 342 3544 Bericbte
360 3505 412 3544 aus
434 3490 551 3561 Uespero
568 3488 594 3542 Π
613 3492 704 3563 (1878)
722 3506 752 3561 p.
767 3491 829 3542 bob.
