2378 3938
207 39 271 90 HQ
370 39 520 78 nmmum
539 39 805 83 AAffiAMt'fflz
823 39 1010 78 Mffl'ss‘msm
1031 39 1054 77 Γ

205 189 303 254 ἐστιν.
348 185 404 253 καλ
430 186 501 253 ἐ’στι
530 189 670 253 δοθεῖσα
697 187 717 270 ἡ
742 186 847 272 [HJA
874 191 994 270 γωνία·
1024 188 1090 253 δοθ,

203 293 241 360 τὸ
260 292 326 359 ὑπὸ
341 297 376 358 Κ
382 299 413 359 Λ
422 299 463 359 Θ·
487 293 628 379 ἀπηκται
652 293 716 381 ἄρα
734 291 818 380 πρὸς
836 295 899 378 τὴν
917 303 979 359 τοῦ
998 298 1090 379 χωρίι

203 402 320 486 τομὴν·
343 399 437 466 θέσει
462 400 527 487 ἄρα
549 400 569 486 ἡ
594 405 672 466 ΗΘ.

271 529 312 581 ις.
344 509 419 573 Δύο
447 507 541 573 θέσει
571 510 793 594 παραλλήλων
816 507 928 572 οὐσῶν
950 519 1020 572 τῶν
1043 512 1090 571 A}

202 612 258 680 καλ
289 613 452 690 δοθέντος
483 625 544 680 τοῦ
571 619 603 678 Ε
633 616 806 697 διαγαγεῖν
836 614 898 696 τὴν
921 619 1027 678 ΕΒΔ
1058 637 1090 680 π(

203 725 458 808 συναμφότερον
480 723 543 805 την
565 725 649 804 ΑΒ,
673 723 739 785 ΓΛ
763 722 933 786 δοθεῖσαν.
965 720 1090 804 γεγονέι

83 886 86 892 .
203 837 242 915 τῇ
266 833 332 895 AB
356 835 410 912 ίση
433 827 454 913 ἡ
477 833 510 892 Δ
519 832 554 892 Ζ.
599 829 740 892 δοθεῖσα
763 826 828 913 ἄρα
850 825 871 911 ἡ
891 829 1006 891 ΓΔΖ·
1030 828 1090 892 δοθ

203 933 240 1000 τὸ
266 940 302 1000 Ζ.
341 935 526 1020 ἐπεζεύχθω
550 933 570 1017 ἡ
593 939 625 998 Α
634 938 673 998 Ζ·
700 933 794 999 θέσει
823 933 888 1020 ἄρα
909 932 930 1018 ἡ
955 937 987 996 Α
996 936 1032 997 Ζ.
1067 958 1090 997 κι

203 1041 357 1127 τέτμηται
379 1043 461 1107 κατὰ
483 1039 521 1106 τὸ
541 1044 587 1105 Η·
612 1047 681 1106 ίσαι
704 1041 767 1127 γάρ
792 1042 879 1105 εἰσιν
898 1041 932 1104 αἱ
952 1044 1037 1123 ΑΒ,
1060 1045 1090 1103 Δ

203 1144 268 1214 θδν
299 1147 364 1230 ἄρα
395 1146 432 1213 τδ
462 1151 504 1212 Η.
550 1147 634 1213 ἀλλὰ
666 1144 721 1212 καὶ
753 1144 790 1211 τὸ
814 1151 856 1210 Ε·
889 1145 984 1211 θέσει
1012 1145 1076 1233 ἄρα

204 1255 313 1337 δεήσει
341 1253 406 1340 ἄρα
434 1256 480 1330 εἰς
507 1254 569 1336 την
594 1254 758 1318 σύνθεσιν
780 1260 893 1318 θεῖναι
915 1263 955 1338 τῇ
980 1254 1090 1319 δοθείε

203 1360 265 1442 τὴν
288 1362 353 1424 ΓΖ
380 1357 436 1424 καλ
466 1359 628 1439 ἐπιζεῦξαι
651 1361 712 1444 την
736 1363 804 1423 ΑΖ
827 1358 883 1423 καλ
906 1360 984 1443 δίχα
1006 1370 1090 1443 τεμεῖ

202 1463 240 1531 τὸ
266 1469 310 1550 Η,
332 1463 387 1531 καλ
410 1465 621 1545 έπιζεύξαντα
644 1468 705 1551 την
728 1470 802 1530 ΕΗ
821 1465 973 1549 ἐκβαλεῖν
997 1465 1049 1550 ἐφ’
1073 1464 1090 1530 6

184 1570 257 1637 ’καὶ
280 1575 372 1638 ε”σται
394 1570 414 1656 ἡ
437 1581 581 1637 ποιοῦσα
604 1571 641 1638 τὸ
664 1575 849 1658 πρόβλημα.

271 1684 307 1758 ιζ.
329 1677 333 1765 λ
355 1683 510 1764 Σφαίρας
537 1681 696 1763 δοθείσης
723 1677 778 1744 καλ
807 1682 911 1763 λόγου
934 1690 1046 1764 τεμεῖν
1068 1704 1090 1744 τΛ

203 1787 346 1870 φολνειαν
377 1795 435 1868 τῆς
469 1790 612 1871 σφαίρας
647 1784 790 1874 ἐπιπέδῳ
824 1783 906 1869 τινὶ,
944 1787 1028 1850 ὥστε
1061 1789 1090 1852 τι

201 1893 383 1976 <φανείας>
416 1903 484 1958 τῶν
514 1894 692 1978 τμημάτων
718 1894 802 1978 πρὸς
829 1892 974 1975 ἀλλήλας
1002 1896 1090 1976 λόγοι

175 2017 179 2024 “
202 2000 263 2065 τὸν
281 1999 384 2065 αὐτὸν
397 2007 443 2089 τςῖ
458 1998 603 2065 δοθέντι.
634 2002 716 2064 ἔστω
731 2001 795 2085 γὰρ
811 1999 828 2064 6
844 1997 960 2075 δοθεὶς
975 2002 1090 2082 λόγος

202 2111 234 2170 Α
256 2108 340 2192 πρὸς
363 2109 425 2192 την
446 2111 484 2171 Β.
528 2104 583 2172 καὶ
607 2106 767 2170 ἐκκείσθω
791 2105 809 2171 6
833 2103 986 2190 μέγιστος
1009 2106 1090 2171 κύκλ

203 2211 240 2277 έν
262 2223 301 2299 τῇ
331 2217 467 2299 σφαίρᾳ,
496 2209 536 2278 οὗ
559 2213 734 2297 διολμετρος
757 2211 777 2295 ἡ
802 2215 876 2277 ΓΔ.
921 2210 976 2276 καὶ
999 2237 1090 2296 τετμι

204 2322 269 2384 ΓΛ
298 2320 380 2384 κατὰ
408 2321 445 2384 τὸ
469 2324 516 2401 Ε,
545 2320 628 2384 ὥστε
656 2315 742 2383 εἶναι
773 2320 817 2396 ὡς
845 2320 906 2403 την
929 2324 961 2382 Α
984 2320 1069 2404 πρὸς

202 2426 308 2502 οὕτως
330 2428 392 2511 την
415 2429 480 2491 ΓΕ
499 2425 583 2512 πρὸς
606 2425 667 2508 τὴν
689 2430 765 2489 ΕΛ.
798 2424 853 2489 καὶ
876 2424 940 2490 ἀπὸ
964 2435 1025 2490 τοῦ
1048 2430 1080 2489 Ε

202 2532 285 2618 πρὸς
313 2532 419 2618 ὀρθὰς
446 2535 541 2616 ἤχθω
565 2531 585 2615 η
608 2535 681 2596 ΕΖ.
727 2529 782 2596 καλ
808 2531 1090 2615 ἐπεζεύχθωσαν(

204 2641 282 2702 ΖΔ·
309 2636 365 2703 καλ
393 2641 545 2723 εἰλήφθω
573 2637 605 2703 τὶ
632 2639 736 2722 τυχὸν
765 2649 902 2723 σημεῖον
930 2636 983 2702 ἐπὶ
1014 2648 1073 2721 της

201 2748 293 2820 νείας
315 2753 373 2828 τῖης
396 2749 540 2831 σφαίρας
562 2747 599 2811 τὸ
625 2750 665 2810 Θ·
694 2743 748 2809 καὶ
776 2748 867 2832 πόλῳ
891 2753 937 2832 τῷ
960 2748 999 2826 Ε,
1024 2745 1090 2810 δια(

202 2847 329 2939 δδίσφ
357 2861 402 2940 τῷ
428 2855 490 2917 ΓΖ
517 2853 638 2936 κύκλος
665 2853 848 2938 γεγράφθω
876 2852 894 2918 6
923 2855 992 2915 ΚΛ
1019 2851 1057 2916 έν
1084 2879 1090 2915 ι

203 2961 325 3045 φανείη
352 2967 410 3043 τῆς
437 2963 589 3045 σφαίρας.
635 2961 727 3024 ἔσται
755 2960 796 3042 δη
826 2961 865 3024 τδι
893 2958 1090 3043 ἀπειλημμέι

203 3089 288 3149 ματα
307 3063 344 3129 ἐν
361 3073 400 3150 τῇ
421 3069 548 3151 σφαίρηι
564 3064 630 3130 ὑπὸ
649 3074 709 3130 τοῦ
724 3069 757 3129 Κ
762 3069 793 3129 Λ
810 3066 935 3130 κύκλου
954 3066 1012 3140 τδις
1027 3064 1090 3149 ἐπα

203 3172 321 3252 ἔχοντα
344 3173 446 3253 λόγον
469 3169 608 3254 ἐχούσας
630 3171 714 3252 πρὸς
736 3170 880 3252 ἀλληλας
898 3171 958 3234 τὸν
977 3170 1081 3235 αὐτὸν
