2378 3938
102 143 147 207 50
269 143 420 196 ΗΡΩΝΟΣ
438 137 705 201 ΑΛΕΞΑΝΔΡΕΩΣ
724 139 913 192 ΜΕΤΡΙΚΩΝ
930 142 955 192 A

170 309 299 390 Λῆμμα.
314 303 421 369 Ἔστω
441 307 607 390 τρίγωνον
622 302 834 389 ὀρθογώνιον
848 303 884 366 τὸ
896 306 961 365 ΑΒ
971 299 1081 387 Γόρθῆ

102 414 181 495 ἔχον
203 413 265 495 τὴν
287 412 369 497 πρὸς
390 419 436 498 τῷ
455 414 492 495 Γ,
515 410 577 474 δύο
597 405 634 473 δὲ
657 407 814 492 πέμπτων
833 407 939 494 ὀρθῆς
958 410 1017 492 τῆν
1033 407 1081 492 πρὸ

102 527 147 605 τςῖ
172 523 212 582 Α.
257 516 362 596 δεῖξαι
386 517 436 582 ὅτι
459 518 496 582 τὸ
521 516 585 581 ἀπὸ
609 513 865 600 συναμφοτέρου
887 523 946 598 τῆς
964 519 1028 578 BA
1049 518 1081 577 A

101 625 347 690 πενταπλάσιόν
375 623 444 689 έστι
472 633 532 688 τοῦ
561 621 624 687 ἀπὸ
649 625 723 686 ΑΓ.
769 620 983 705 ἐκβεβλήσθω
1009 621 1028 704 ῆ
1050 623 1081 683 Α.

103 729 157 795 ἐπὶ
185 732 222 795 τὸ
251 736 298 814 A,
325 729 380 795 ιιαλ
408 740 446 816 τῆ
474 735 507 794 Α
514 733 546 794 Γ
570 735 624 812 ίση
652 732 777 794 κείσθω
804 728 824 812 ἡ
855 731 935 812 FA,
963 726 1017 793 καὶ
1045 726 1081 792 ε’τι

103 838 230 922 ζεύχθω
258 837 278 921 ῆ
307 841 382 901 BA.
433 843 487 920 ίση
516 837 580 922 ἄρα
609 835 628 918 ἡ
661 832 723 921 μὲν
749 840 815 899 ΑΒ
848 845 886 921 τῆ
915 839 997 918 BA,
1027 833 1046 917 ῆ
1074 833 1081 894 ι’

102 944 167 1008 ὑπὸ
196 947 301 1008 ΑΒΓ
324 947 428 1026 γωνία
456 953 495 1029 τῆ
523 944 588 1008 ὑπὸ
618 944 726 1006 FBA.
772 941 856 1007 ἀλλὰ
882 940 902 1024 ῆ
931 941 996 1006 ὑπὸ
1020 943 1075 1005 ΓΒ

102 1054 208 1133 γωνία
235 1062 338 1137 τριῶν
353 1048 523 1133 πέμπτων
551 1047 642 1114 ἐστὶν
673 1048 779 1135 ὀρθῆς
811 1049 868 1113 διὰ
900 1048 937 1112 τὸ
967 1057 1027 1132 τῆν
1051 1047 1081 1111 ὑι

103 1160 207 1221 ΒΑΓ
229 1161 357 1240 γωνίαν
384 1157 446 1222 δύο
474 1156 631 1241 πέμπτων
659 1151 758 1220 εἶναι·
785 1154 805 1238 ἡ
835 1157 899 1240 ἄρα
925 1155 991 1220 ὑπὸ
1015 1157 1076 1218 ΑΒ

102 1268 208 1347 γωνία
231 1262 263 1342 ἓξ
282 1262 439 1347 πέμπτων
456 1260 547 1327 ἐστὶν
566 1261 684 1348 ὀρθῆς·
725 1263 940 1344 πενταγώνου
964 1262 1028 1347 ὀίρα
1050 1259 1081 1326 έσ

103 1374 208 1453 γωνία
234 1369 255 1452 ῆ
282 1370 348 1435 ὑπὸ
372 1372 484 1433 ΑΒΔ.
529 1367 584 1433 καὶ
611 1371 702 1434 ἔστιν
731 1375 784 1452 ίση
810 1367 830 1450 ῆ
855 1372 920 1432 ΑΒ
944 1378 984 1453 τῆ
1008 1372 1081 1431 ΒΛ·

5 1504 35 1534 0.
72 1493 85 1516 v
103 1483 161 1559 τῆς
189 1477 253 1561 ίίρα
281 1481 350 1539 AA
378 1478 482 1561 ὀίιιρον
508 1473 564 1540 καὶ
590 1474 693 1559 μέσον
720 1478 822 1557 λόγον
849 1472 1051 1558 τεμνομένης

101 1585 213 1666 μεῖζον
235 1582 344 1667 τμῆμά
368 1581 459 1647 ἐστιν
482 1580 502 1665 ῆ
526 1586 600 1646 ΑΒ.
631 1579 699 1646 ’καὶ
722 1583 791 1646 ἔστι
815 1590 872 1664 τῆς
896 1586 966 1644 AA
988 1580 1081 1665 ῆμίσε

101 1688 121 1772 ἡ
146 1690 224 1752 ΑΓ·
261 1690 298 1754 τὸ
318 1689 382 1775 ἄρα
401 1687 464 1753 ἀπὸ
485 1686 739 1773 συναμφοτέρου
757 1696 815 1770 τῆς
829 1691 896 1750 ΒΑ
915 1690 985 1751 AF
1004 1709 1081 1752 πεντ

102 1796 245 1860 πλάσιόν
268 1794 337 1860 ε’στι
360 1804 420 1860 τοῦ
443 1795 507 1860 ἀπὸ
531 1803 589 1878 τῆς
613 1800 645 1858 Α
651 1797 691 1858 Γ.

165 1926 207 1985 ιη.
230 1899 337 1967 Ἔστω
356 1903 571 1985 πεντάγωνον
590 1903 790 1986 ἰσόπλευρόν
808 1924 842 1965 τε
865 1897 920 1964 καὶ
942 1901 1080 1982 ίσογώνι

102 2009 139 2072 τὸ
167 2011 352 2092 ΑΒΓΔΕ,
391 2004 431 2074 οὗ
468 2008 585 2091 ἑκάστη
623 2009 749 2093 πλευρὰ
785 2009 868 2071 έστω
905 2008 1066 2090 μονάδων

102 2114 214 2199 εὑρεῖν
241 2115 344 2180 αὐτοῦ
372 2115 419 2183 τὸ.
438 2113 591 2199 έμβαόόν.
637 2115 788 2198 εῖλῆφθω
819 2114 856 2177 τὸ
884 2110 1026 2198 κέντρον
1059 2138 1081 2178 τι

101 2219 177 2307 περὶ
210 2221 290 2286 αὐτὸ
322 2221 448 2286 κύκλου
479 2221 517 2285 τὸ
548 2225 589 2303 Ζ,
621 2218 676 2284 ιιαλ
705 2218 956 2302 ἐπεζεύχθωσαν
984 2221 1019 2284 αλ
1048 2223 1080 2284 Γ

105 2332 170 2391 ZA
196 2326 251 2392 καὶ
277 2329 418 2404 κάθετος
446 2325 500 2392 ἐπὶ
526 2329 588 2411 τῆν
615 2330 681 2391 FA
708 2326 728 2410 ῆ
759 2329 835 2390 ΖΗ.
886 2329 978 2391 ἔσται
1007 2329 1072 2413 ῖίρα

102 2434 167 2498 ὑπὸ
194 2445 262 2498 τῶν
290 2436 391 2497 FZA
421 2436 525 2515 γωνία
557 2434 726 2518 τεσσάρων
757 2431 914 2516 πέμπτων
948 2432 1068 2519 ὀρθῆς·

103 2542 167 2625 ὀίρα
188 2540 254 2604 ὑπὸ
284 2542 390 2603 ΓΖΗ
408 2539 470 2604 δύο
492 2537 649 2623 πέμπτων
672 2536 763 2604 ἐστὶν
784 2538 898 2624 ὀρθῆς.
945 2538 1000 2605 καὶ
1031 2543 1081 2606 ἔστ

103 2647 191 2732 ὀρθὴ
222 2645 241 2728 ἡ
274 2645 339 2710 ὑπὸ
369 2648 483 2709 ΓΗΖ·
515 2646 552 2710 τὸ
586 2647 650 2731 ἄρα
680 2645 744 2710 ἀπὸ
774 2645 1031 2732 συναμφοτέρου
1064 2672 1081 2712 τ

104 2756 166 2817 ΓΖ
195 2755 267 2815 ΖΗ
289 2753 534 2817 πενταπλάσιόν
562 2751 630 2817 ἐστι
658 2737 718 2818 τοῦ
746 2751 810 2816 ἀπὸ
838 2762 896 2836 τῆς
924 2756 999 2817 ΖΗ.
1046 2753 1081 2818 ολλ

104 2856 174 2923 έπελ
202 2857 239 2922 έν
262 2857 419 2944 ἀριθμοῖς
443 2857 504 2923 οὐκ
527 2861 618 2923 ἔστιν
641 2859 753 2945 εὑρεῖν
775 2860 985 2944 τετράγωνον
1009 2884 1081 2945 τετρ

103 2966 215 3048 γώνου
242 2965 501 3048 πενταπλάσιον,
535 2965 578 3040 ὡς
611 2965 774 3048 σύνεγγυς
806 2966 858 3029 θεῖ
887 2968 1017 3049 λαβεῖν·
1051 2968 1081 3031 Aa

104 3067 141 3136 δὲ
174 3071 191 3136 ὁ
223 3092 269 3135 πα
296 3071 379 3156 πρὸς
402 3070 492 3155 <ις.>
521 3070 771 3157 συναμφοτέρος
804 3072 867 3157 ἄρα
905 3072 922 3137 ὁ
957 3075 1019 3137 ΓΖ
1055 3078 1082 3137 Ζ

104 3181 207 3262 λόγον
230 3179 296 3261 ἔχει
317 3178 400 3263 πρὸς
417 3177 477 3241 τὸν
497 3180 573 3261 ΖΗ,
598 3177 638 3266 ὃν
655 3184 682 3242 θ
699 3177 783 3263 πρὸς
806 3179 835 3242 θ.
858 3175 912 3242 καὶ
933 3179 1079 3244 διελόντι

105 3288 167 3349 ΓΖ
193 3285 275 3370 πρὸς
305 3287 377 3348 ΖΗ
400 3286 502 3367 λόγον
530 3287 595 3369 ἔχει
624 3283 708 3368 <ὃ>ν
738 3308 754 3349 ε
781 3285 863 3369 πρὸς
891 3286 921 3348 ὀ.
971 3284 1027 3350 καὶ
1060 3309 1081 3349 τ.

106 3391 213 3474 (dab)
235 3394 298 3455 ΓΖ
316 3392 379 3476 ὀίρα
397 3392 480 3477 πρὸς
499 3391 580 3474 <τὸ>
599 3389 663 3455 ἀπὸ
685 3393 766 3474 ΖΗ,
786 3390 826 3455 ὃν
844 3415 880 3456 κε
898 3393 982 3477 πρὸς
1001 3413 1042 3465 ις.
1065 3416 1081 3455 ιι

104 3500 220 3574 λοιπὸς
248 3505 308 3563 τοῦ
335 3497 399 3562 ἀπὸ
425 3499 497 3561 ΓΗ
514 3497 597 3582 πρὸς
621 3496 702 3582 <τὸ>
726 3495 789 3560 ἀπὸ
816 3500 897 3580 ΖΗ,
926 3497 966 3562 ὃν
989 3505 1015 3563 θ
1037 3519 1081 3583 πρ
