2378 3938
459 167 738 221 PROLEGOMENA.
1041 166 1107 220 XXI

87 336 204 414 figuras
227 333 340 411 partim
364 354 381 393 a
404 333 563 393 Vincentio
586 335 743 393 mutuatus
767 353 842 410 sum,
864 332 975 409 partim
997 335 1109 415 reduxi,

45 434 47 438 ’
88 424 235 501 quoniam
264 442 330 496 eae,
360 442 437 499 quae
464 423 497 481 in
524 422 601 482 libro
629 423 781 484 Parisiaco
810 427 891 499 sunt,
919 444 979 484 non
1007 444 1108 484 omnes

87 515 216 574 idoneae
239 511 427 571 videbantur.

156 601 287 660 Heronis
325 600 529 676 similiumque
561 600 688 659 Heronis
726 601 905 676 scriptorum
942 600 1110 662 emendatio

88 691 189 750 facilis
214 692 260 748 111
283 689 445 765 eademque
469 688 612 748 difficilis:
634 688 740 765 facilis,
765 689 838 766 quia
859 690 905 748 illi
928 690 960 748 in
981 694 1110 768 angusto

87 779 251 839 verborum
293 781 324 837 et
365 777 582 837 sententiarum
619 797 692 855 gyro
729 779 816 853 quasi
853 779 1109 858 circumaguntur3

85 868 234 942 difficilis,
259 867 333 942 quia
355 867 388 925 in
411 867 454 926 cis
476 866 565 926 rebus
589 866 772 942 explicandis
795 871 966 944 versantur,
990 888 1067 945 quac
1091 888 1109 928 1

85 958 297 1016 litteratorum
315 955 424 1015 studiis
441 956 653 1032 plerorumque
672 955 787 1015 alienae
806 959 884 1015 sunt.
917 957 1025 1034 Itaque
1045 973 1109 1036 ege,

84 1049 124 1104 ut
146 1046 238 1104 homo
263 1044 477 1122 grammaticus
497 1044 722 1104 mathematicas
741 1064 848 1120 parum
866 1045 990 1120 peritus,
1012 1048 1110 1106 multo

85 1136 190 1195 minus
213 1153 276 1208 me,
303 1153 395 1209 quam
417 1153 473 1210 par
496 1137 575 1208 erat,
602 1136 771 1192 assecutum
795 1152 857 1193 csse
881 1134 941 1193 seio
965 1153 1109 1211 speroque

87 1225 164 1297 fore,
188 1225 226 1280 ut
249 1221 302 1280 alii
324 1223 497 1282 inchoatum
520 1228 594 1298 opus
618 1222 781 1298 perficiant.
824 1221 937 1293 Quodsi
959 1241 1020 1299 qua
1038 1227 1110 1283 sunt

83 1313 120 1371 in
139 1313 198 1370 hoc
216 1311 379 1385 volumine,
403 1331 480 1387 qnae
498 1311 608 1370 litteris
627 1312 790 1370 conducere
808 1311 976 1386 videantur,
995 1330 1030 1371 11
1049 1331 1109 1372 111

83 1405 153 1460 tam
182 1399 258 1458 mihi
286 1403 409 1476 accepta
435 1400 540 1459 referri
569 1400 656 1476 cupio
680 1419 772 1476 quam
794 1400 874 1477 patri
897 1420 962 1460 meo
986 1400 1109 1478 optimo,

84 1490 143 1566 qui
163 1492 195 1547 11
211 1492 348 1565 repertos
367 1507 386 1547 a
403 1507 435 1547 11
450 1489 483 1547 in
496 1488 596 1548 codice
611 1488 943 1566 Constantinopolitano
956 1490 1109 1549 rationum

83 1576 264 1637 dimetiendi
286 1577 379 1636 libros
398 1577 526 1637 edendos
543 1577 617 1636 mihi
635 1578 762 1636 tradidit
780 1582 811 1638 11
830 1579 1109 1638 commentationem

85 1667 271 1743 dioptricam
290 1685 358 1724 cnm
376 1666 453 1725 libro
466 1667 620 1725 Parisiaco
638 1667 861 1726 accuratissime
880 1668 1021 1726 collatam
1034 1667 1109 1726 mihi

85 1755 299 1816 commodavit
331 1755 491 1813 Praeterea
504 1755 728 1814 Maximilianus
741 1755 833 1832 lieth,
850 1756 898 1815 vir
911 1756 1108 1834 doctissimus,

86 1845 160 1904 dum
188 1845 332 1921 plagulas
357 1863 425 1902 mea
449 1862 539 1902 causa
562 1845 654 1903 semel
676 1845 846 1921 iterumque
868 1845 1010 1923 perlegit,
1037 1864 1107 1904 acu·

85 1933 213 1992 tiasimis
237 1933 497 1992 observationibus
521 1936 552 1991 11
574 1933 830 1993 emendationibus
853 1934 971 2011 egregie
993 1934 1030 1993 de
1052 1936 1109 1995 hac

88 2023 220 2082 editione
243 2022 363 2080 meruit
408 2021 506 2080 Statio
528 2022 611 2096 haec,
632 2041 693 2082 non
715 2026 821 2098 portus
843 2028 901 2096 est3
926 2022 964 2081 ad
986 2027 1107 2099 portum

87 2110 147 2169 nisi
174 2110 337 2170 coniuncta
363 2111 530 2168 multorum
557 2129 649 2186 opera
675 2131 736 2169 non
757 2111 953 2186 pervenietur.
999 2112 1108 2188 Itaque

93 2199 121 2257 si
144 2200 369 2275 philologornm
395 2204 425 2258 et
451 2200 732 2258 mathematicorum
754 2200 855 2258 studia
877 2200 916 2258 ad
938 2201 993 2260 hos
1015 2200 1108 2260 libros

95 2288 241 2364 legendos,
259 2288 469 2361 emendandos,
484 2288 681 2348 illustrandos
695 2289 872 2362 excitavero,
890 2289 1106 2365 amplissimum

93 2375 199 2436 laboris
223 2377 393 2453 praemium
415 2381 590 2436 consecutus
613 2396 676 2437 mse
698 2377 773 2436 mihi
793 2376 925 2437 videbor,
