2378 3938
134 113 176 178 62
300 115 450 167 ΗΡΩΝΟΣ
469 111 735 172 ΑΛΕΞΑΝΔΡΕΩΣ
753 113 943 166 ΜΕΤΡΙΚΩΝ
960 114 985 165 Α

132 301 162 360 γ.
213 283 267 360 ἴση
300 273 337 340 δὲ
368 275 388 359 ἡ
421 272 483 359 μὲν
509 273 574 349 ΕΞ
603 285 642 362 τῇ
670 274 756 359 ΞΜ,
788 274 808 358 ἡ
841 271 879 340 δέ
906 279 981 340 ΕΝ
1005 285 1044 363 τῇ
1065 278 1129 340 ΝΖ·

133 387 222 449 ἔσται
255 386 318 468 ἄρα
352 386 450 465 λόγος
479 391 537 466 τῆς
562 387 625 446 ΕΖ
651 385 735 467 πρὸς
762 386 855 466 MN,
888 381 929 446 ὃν
957 404 977 456 ς
1003 383 1081 468 πρὸς
1103 387 1132 463 δ,

132 489 302 556 τουτέστιν
342 489 383 553 ὃν
419 493 440 572 β
471 490 555 573 πρὸς
586 512 616 571 γ.
670 487 726 553 καὶ
758 497 818 554 τοῦ
851 487 916 554 οάιὸ
949 489 1051 574 Ε<Ζ>
1080 487 1137 575 ἂρα

131 597 214 680 πρὸς
237 598 275 662 τὸ
293 596 359 661 ὑπὸ
382 599 447 659 ΕΖ
469 595 606 679 Μ<Ν>,
629 594 669 660 ὃν
693 599 715 678 β
737 596 821 679 πρὸς
844 614 879 677 γ·
903 595 987 660 ὥστε
1009 597 1088 681 πρὸς
1103 593 1139 658 τὸ
1173 670 1176 675 Ι

131 707 244 768 ΕΖΜ
261 705 440 789 τρίγωνον,
462 701 503 766 ὃν
525 706 546 785 β
569 704 653 787 πρὸς
680 709 737 778 αλ·
766 702 849 767 ὥστε
876 704 960 786 πρὸς
986 704 1024 768 τὸ
1054 700 1148 766 δεκύν

130 833 241 892 γωνον
268 812 370 892 λόγον
397 811 478 893 ἔχει,
507 807 547 873 ὃν
574 812 596 891 β
618 810 701 893 πρὸς
726 832 763 873 ιε.
809 805 864 872 καὶ
888 810 959 873 ἔστι
983 805 1084 874 δοθὲν
1103 805 1152 872 τὸ

130 915 194 981 ιἀτὸ
214 920 290 979 ΕΖ·
314 911 419 981 δοθέν
442 917 506 999 ἄρα
528 912 583 978 καὶ
606 917 643 980 τὸ
667 915 866 1007 δεκύγωνον.
909 917 1162 999 συντεδήσειοιι

130 1019 167 1087 δὲ
195 1023 312 1100 οὕτως.
339 1023 379 1086 τὰ
408 1046 420 1086 ι
449 1019 499 1105 ἐφ’
529 1019 640 1085 ἑαυτά·
669 1024 817 1103 γίγνεται
841 1045 874 1104 ρ.
903 1030 1008 1086 ταῦτα
1032 1018 1082 1086 ἐπὶ
1101 1015 1167 1084 τὰ

130 1149 172 1193 ιε·
191 1133 355 1212 γίγνεται
392 1153 461 1213 μω.
498 1128 626 1192 τούτων
655 1129 699 1192 ,τὸ
738 1127 854 1212 ἥμισυ·
897 1131 1045 1210 γίγνεται
1079 1136 1169 1206 δι’·

129 1236 291 1301 τοσούτου
314 1237 405 1299 ἔσται
427 1235 465 1325 τὸ
490 1233 634 1318 ἐμβαδὸν
656 1243 717 1299 τοῦ
741 1234 946 1316 δεκαγώνου.

195 1344 244 1407 κδ.
267 1341 375 1406 Ἔστω
404 1339 632 1422 ένδεκύγωνον
660 1341 861 1426 ἰσόπλευρόν
887 1363 923 1405 τε
948 1338 1004 1405 καλ
1029 1339 1173 1422 ἰσογιόκ

130 1473 204 1514 νιον
244 1449 280 1512 τὸ
318 1450 731 1531 ΑΒΓΔΕΖΗΘΚΛΜ,
774 1442 814 1512 οὗ
857 1445 976 1531 έκύστη
1018 1440 1173 1530 πλευρὰ

128 1556 285 1640 μονάδων
309 1579 329 1618 ι.
375 1554 486 1638 εὑρεῖν
509 1553 612 1619 αύτοῦ
635 1556 672 1619 τὸ
697 1553 855 1638 ἐμβαδύν.
882 1533 1165 1637 περιγεγράφθω)

127 1660 203 1746 περὶ
231 1659 311 1725 αὐτὸ
338 1661 474 1744 κύκλος,
502 1655 542 1726 οὗ
569 1660 709 1745 κέντρον
736 1662 818 1724 έστω
846 1661 883 1724 τὸ
912 1663 962 1743 N,
989 1657 1045 1724 καὶ
1072 1657 1161 1723 ἐπεί

128 1768 254 1851 ζεύγθω
287 1766 307 1849 ἡ
342 1771 413 1831 ΖΝ
434 1765 490 1831 καὶ
518 1766 729 1850 ἐκβεβλήσθω
760 1764 813 1831 ἐπὶ
845 1766 882 1831 τὸ
916 1765 961 1850 Ξ,
989 1764 1045 1830 καὶ
1072 1763 1185 1829 ἐαεν1

128 1876 254 1959 ζεύχθω
289 1873 309 1957 ἡ
337 1872 412 1947 ΞΗ
462 1873 499 1937 τὸ
532 1875 596 1958 ἄρα
625 1872 727 1947 ΖΗΞ
759 1875 925 1957 τρίγωνον
957 1872 1021 1938 δύο
1054 1866 1149 1936 ἕνδέν

126 2006 208 2046 κατα
226 1989 286 2045 τοῦ
306 1978 535 2062 ένδεκαγώνου
554 1977 657 2044 ἐστὶν.
681 1978 844 2044 δέδεικται
864 1975 902 2043 δὲ
921 1978 959 2043 ἐν
976 1989 1047 2055 τοῖς
1067 1971 1145 2062 περὶ

127 2101 194 2153 τῶν
213 2087 249 2152 ἐν
267 2089 376 2175 κύκλῳ
392 2085 545 2169 εὐθειῶν,
565 2087 614 2151 ὅτι
634 2088 733 2168 λόγος
745 2095 803 2169 τῆς
824 2084 887 2159 ΖΞ
902 2086 987 2169 πρὸς
1007 2088 1078 2149 ΖΗ
1096 2085 1140 2159 ὡς

127 2199 260 2278 ἔγγιστα
292 2194 310 2258 δ
342 2205 409 2258 τῶν
440 2217 477 2258 κε
508 2194 590 2278 πρὸς
621 2197 650 2274 ζ,
674 2193 692 2258 ὁ
718 2189 758 2256 δὲ
780 2200 839 2275 τῆς
865 2191 939 2264 ΞΗ
964 2193 1048 2276 πρὸς
1073 2191 1134 2255 ΗΖ

127 2304 235 2384 λόγος,
250 2300 290 2365 ὃν
303 2302 344 2365 κδ
362 2301 445 2385 πρὸς
463 2303 490 2377 ζ·
527 2309 586 2364 τοῦ
604 2301 668 2385 ἄρα
687 2298 751 2364 ἀπὸ
773 2302 844 2362 ΖΗ
862 2299 946 2383 πρὸς
973 2298 1011 2363 τὸ
1035 2291 1136 2368 ΖΗΞ
1150 2290 1185 2346 ⁵¹

126 2412 291 2493 τρίγωνον
318 2409 417 2489 λόγος
440 2406 457 2471 δ
481 2417 548 2471 τῶν
570 2413 624 2490 μθ
646 2407 729 2492 πρὸς
751 2407 816 2488 κδ,
838 2403 1012 2469 τουτέστιν
1035 2405 1053 2470 ὁ
1075 2414 1134 2469 τῶν
1178 2430 1185 2489 3¹

127 2519 143 2593 ζ
171 2515 254 2599 πρὸς
282 2517 324 2597 ιβ.
374 2521 435 2577 τοῦ
462 2509 499 2577 δὲ
526 2513 692 2597 τριγώνου
713 2511 717 2599 Ι
737 2513 820 2598 πρὸς
847 2512 884 2593 τὸ
914 2509 1136 2595 ἕνδεκύγωνον

126 2624 234 2704 λόγος,
253 2619 293 2683 ὃν
311 2623 333 2703 β
350 2621 433 2705 πρὸς
458 2639 503 2683 ια·
527 2621 609 2685 ὥστε
627 2621 710 2704 πρὸς
733 2620 770 2683 τὸ
790 2617 1020 2700 ἑνδεκύγωνον
1038 2621 1135 2702 λόγον

24 2767 25 2770 =
125 2731 191 2812 ἔχει
214 2728 251 2791 τὸ
280 2725 343 2790 ἀπὸ
371 2735 429 2809 τῆς
454 2729 534 2808 ΖΗ,
563 2725 641 2803 ὃνζ
668 2726 755 2809 πρὸς,
779 2723 833 2802 ξς·
860 2721 916 2788 καὶ
940 2726 1009 2790 ἐστι
1034 2721 1135 2791 δοθέν

125 2836 161 2898 τὸ
185 2833 249 2897 ἀπὸ
275 2836 353 2896 ΖΗ·
378 2828 482 2896 δοθέν
505 2835 569 2918 ἄρα
596 2830 652 2896 καὶ
675 2833 711 2895 τὸ
741 2829 978 2913 ἑνδεκύγωνον.
1028 2840 1175 2898 συντε-ῑῐ

124 2943 263 3024 θήσεται
283 2940 324 3021 δὴ
344 2938 460 3014 οὕτως·
483 2940 559 3003 τὰί
584 2935 635 3022 ἐφ’
659 2935 772 3001 έαυτύ·
795 2941 948 3028 γίγνεται
968 2961 996 3022 ρ.
1039 2948 1140 3004 ταῦτα
1181 2938 1185 2981 ·’

125 3045 178 3110 ἐπὶ
196 3048 236 3111 τὰ
256 3045 309 3123 ξς·
333 3049 481 3127 γίγνεται
500 3067 557 3131 ,ςγ
598 3044 726 3111 τούτων
749 3044 786 3108 τὸ
810 3041 967 3127 ἕβδομον·
990 3047 1141 3127 γίγνεται

248 3129 262 3145 u

125 3168 223 3255 ᾍμβ
245 3143 276 3243 ξ·
304 3171 466 3234 τοσούτου
485 3172 575 3234 ἔσται
594 3169 630 3233 τὸ
651 3167 796 3252 ἐμβαδὸν
813 3177 874 3232 τού
896 3165 1142 3251 ένδεκαγώνου.

197 3344 580 3403 1N32:sed*a7del.m.1
623 3342 960 3411 3τούάπὸΕεεομρλσνί
1000 3347 1143 3400 4EZM:

125 3416 251 3486 supplevi
312 3422 345 3470 10
363 3424 508 3470 τοσούτους
528 3414 634 3469 correxi
695 3419 726 3467 17
748 3413 781 3466 cf.
797 3429 869 3482 quae
885 3414 920 3466 ad
938 3432 965 3482 p.
981 3419 1023 3480 58,
1041 3419 1077 3469 19
1093 3416 1144 3470 ad·

20 3517 22 3522 ·
124 3487 223 3557 scripsi
296 3493 329 3541 20
350 3490 406 3540 ZH
412 3491 444 3542 Z:
464 3486 570 3541 correxi
642 3490 675 3538 25
697 3488 793 3538 ΖΗΔ·
814 3484 896 3541 ὅδευε
917 3483 1023 3539 correxi
